@misc{grassland2015,
year = "2016",
title = "Grassland map for Europe in 2015",
author  = "Copernicus",
url  = "https://land.copernicus.eu/pan-european/high-resolution-layers/grassland/status-maps/2015",
howpublished  = "Map"
}
@misc{grasslandvpi2015,
year = "2016",
title = "Grassland Vegetation Probability Index map for Europe in 2015",
author  = "Copernicus",
url  = "https://land.copernicus.eu/pan-european/high-resolution-layers/grassland/expert-products/grassland-vegetation-probability-index/2015",
howpublished  = "Map"
}

@misc{france1986,
year = "1986",
title = "Loi n$^{\circ}$ 86-2 du 3 janvier 1986 relative \`a l'am\'enagement, la protection et la mise en valeur du littoral",
author  = "French Government",
url  = "https://www.legifrance.gouv.fr/affichTexte.do?cidTexte=JORFTEXT000000317531&dateTexte=20190705"
}

@misc{grasslandreport2018,
year = "2018",
title= "Copernicus Land Monitoring Service – High Resolution Layer Grassland:
Product Specifications Document",
Author = "Copernicus",
url = "https://land.copernicus.eu/user-corner/technical-library/clms_hrl_gra_validation_report_sc03_1_3.pdf"
}

@misc{ftyreport2018,
year = "2018",
title= "Copernicus Land Monitoring Service – High Resolution Layer Forest Type:
Product Specifications Document",
Author = "Copernicus",
url = "https://land.copernicus.eu/pan-european/high-resolution-layers/forests/forest-type-1/status-maps/2015?tab=metadata"
}

@misc{tcdreport2018,
year = "2018",
title= "Copernicus Land Monitoring Service – High Resolution Layer Tree Cover Density:
Product Specifications Document",
Author = "Copernicus",
url = "https://land.copernicus.eu/pan-european/high-resolution-layers/forests/tree-cover-density/status-maps/2015?tab=metadata"
}

@misc{impreport2018,
year = "2018",
title= "Copernicus Land Monitoring Service – High Resolution Layer Imperviousness:
Product Specifications Document",
Author = "Copernicus",
url = "https://land.copernicus.eu/pan-european/high-resolution-layers/imperviousness/status-maps/2015?tab=metadata"
}

@misc{wwareport2018,
year = "2018",
title= "Copernicus Land Monitoring Service – High Resolution Layer Water \& Wet Areas:
Product Specifications Document",
Author = "Copernicus",
url = "https://land.copernicus.eu/pan-european/high-resolution-layers/water-wetness/status-maps/2015?tab=metadata"
}

@misc{lucas2019,
year = "2019",
title= "LUCAS: Land Use and Coverage Area frame Survey",
Author = "EC-JRC",
url = "https://esdac.jrc.ec.europa.eu/projects/lucas"
}

@article{hansen2013high,
  title={High-resolution global maps of 21st-century forest cover change},
  author={Hansen, Matthew C and Potapov, Peter V and Moore, Rebecca and Hancher, Matt and Turubanova, SAA and Tyukavina, Alexandra and Thau, David and Stehman, SV and Goetz, SJ and Loveland, Thomas R and others},
  journal={science},
  volume={342},
  number={6160},
  pages={850--853},
  year={2013},
  publisher={American Association for the Advancement of Science}
}

@misc{corine2019,
year = "2019",
title= "Corine Land Cover dataset",
Author = "Copernicus",
url = "https://land.copernicus.eu/pan-european/corine-land-cover"
}

@article{tamm2016relating,
  title={Relating Sentinel-1 Interferometric Coherence to Maowing Events on Grasslands},
  author={Tamm, Tanel and Zalite, Karlis and Voormansik, Kaupo and Talgre, Liina},
  journal={Remote Sensing},
  volume={8},
  number={},
  pages={802--821},
  year={2016},
  publisher={MDPI}
}